@Book{Ernst1987,
    Author = "Ernst, Richard R. and Bodenhausen, Geoffrey and Wokaun, Alexander",
    Title = "Principles of Nuclear Magnetic Resonance in One and Two Dimensions",
    Publisher = "Clarendon Press",
    Year = "1987",
    Address = "Oxford",
    Owner = "ewm",
    Timestamp = "2010.10.14"
}

@Article{Kuehn2008feb,
    author = "Kuehn, Seppe and Hickman, Steven A. and Marohn, John A.",
    title = "Advances in Mechanical Detection of Magnetic Resonance",
    journal = "J. Chem. Phys.",
    year = "2008",
    volume = "128",
    number = "5",
    month = "feb",
    pages = "052208",
    note = "\href{http://www.ncbi.nlm.nih.gov/pmc/articles/PMC2494537}{[PMCID:PMC2494537]}",
    doi = "10.1063/1.2834737",
    url = "http://dx.doi.org/10.1063/1.2834737",
    file = "Kuehn2008feb advances in mechanical detection of magnetic resonance 10.1063\:1.2834737 *.pdf:UNSORTED/Kuehn2008feb advances in mechanical detection of magnetic resonance 10.1063\:1.2834737 *.pdf:PDF",
    keywords = "marohn-manuscript, MRFM > reviews",
    owner = "jam99",
    pmcid = "2494537",
    review = "Suggested filename = Kuehn2008feb Advances in mechanical detection of magnetic resonance 10.1063/1.2834737 *.pdf [\href{http://www.ncbi.nlm.nih.gov/pmc/articles/PMC2494537}{PMCID:PMC2494537}]",
    sn = "0021-9606",
    tc = "0",
    timestamp = "2009.02.22",
    ut = "MEDLINE:18266413"
}
